<collection xmlns="http://www.loc.gov/MARC21/slim">
<record>
  <leader>01833nam0a22002531i 450 </leader>
  <controlfield tag="001">IT\ICCU\CNCE\054669</controlfield>
  <controlfield tag="005">20100308000000.0</controlfield>
  <datafield tag="012" ind1=" " ind2=" ">
    <subfield code="a">iopo vipe isoq budi (3) 1513 (R)</subfield>
    <subfield code="2">fei</subfield>
    <subfield code="9">1</subfield>
  </datafield>
  <datafield tag="012" ind1=" " ind2=" ">
    <subfield code="a">lene tain r.rt .*sc (3) 1513 (R)</subfield>
    <subfield code="2">fei</subfield>
    <subfield code="9">2</subfield>
  </datafield>
  <datafield tag="100" ind1=" " ind2=" ">
    <subfield code="a">20031007d1513        0itac0103    ba</subfield>
  </datafield>
  <datafield tag="101" ind1=" " ind2=" ">
    <subfield code="a">LAT</subfield>
  </datafield>
  <datafield tag="102" ind1=" " ind2=" ">
    <subfield code="a">IT</subfield>
  </datafield>
  <datafield tag="200" ind1="1" ind2=" ">
    <subfield code="a">Primum volumen. Repetitiones diuersorum doctorum in iure canonico. Repe. Super prohemio decretalium Io. Calde. Repe. c. in nostra de rescriptis Io. Calde. Repe c. mandatum de rescriptis Io. Calde. ... Repe. C. ad audientiam de homicidio. d. Mariani Sozini</subfield>
  </datafield>
  <datafield tag="210" ind1=" " ind2=" ">
    <subfield code="e">Impressa Mediolani</subfield>
    <subfield code="g">per Ioannem Angelum Scinzenzeler</subfield>
    <subfield code="h">1513 die IIII mensis Iulii</subfield>
  </datafield>
  <datafield tag="215" ind1=" " ind2=" ">
    <subfield code="a">2 v.</subfield>
    <subfield code="d">fol</subfield>
  </datafield>
  <datafield tag="300" ind1=" " ind2=" ">
    <subfield code="a">2. Secundum volumen. Repetitiones diuersorum doctorum in iure ciuili. Repe. auc. habita c.ne pro patre Bart. Bolognini. Repe Cato 1. 4 ff. de verb. obligatio. d. Ludo. bolognini. Repe. l. naturaliter  nihili commune ... Repe. l. cum filio. ff. de leg. i.d. Marcii Anto. Sauerij. (Impressa Mediolani : per Ioannem Angelum Scinzenzeler, 1513 die VIII Augusti)</subfield>
  </datafield>
  <datafield tag="423" ind1=" " ind2="0">
    <subfield code="1">001IT\ICCU\CNCE\071733</subfield>
    <subfield code="1">2001 </subfield>
    <subfield code="a">Secundum volumen. Repetitiones diuersorum doctorum in iure ciuili. Repe. auc. habita c.ne pro patre Bart. Bolognini. Repe Cato 1. 4 ff. de verb. obligatio. d. Ludo. bolognini. Repe. l. naturaliter  nihili commune ... Repe. l. cum filio. ff. de leg. i. d.Marcii Anto. Sauerij</subfield>
  </datafield>
  <datafield tag="620" ind1=" " ind2=" ">
    <subfield code="a">IT</subfield>
    <subfield code="d">Milano</subfield>
  </datafield>
  <datafield tag="700" ind1=" " ind2="1">
    <subfield code="a">Calderini,</subfield>
    <subfield code="b">Giovanni</subfield>
    <subfield code="3">IT\ICCU\CNCA\002377</subfield>
  </datafield>
  <datafield tag="702" ind1=" " ind2="1">
    <subfield code="a">Bolognini,</subfield>
    <subfield code="b">Ludovico</subfield>
    <subfield code="3">IT\ICCU\CNCA\000196</subfield>
  </datafield>
  <datafield tag="712" ind1="0" ind2="0">
    <subfield code="a">Scinzenzeler, Giovanni Angelo</subfield>
    <subfield code="3">IT\ICCU\CNCT\000084</subfield>
    <subfield code="4">650</subfield>
  </datafield>
  <datafield tag="791" ind1="0" ind2="0">
    <subfield code="a">Schinzenzeler, Giovanni Angelo</subfield>
    <subfield code="3">IT\ICCU\CNCT\005621</subfield>
    <subfield code="z">Scinzenzeler, Giovanni Angelo</subfield>
  </datafield>
  <datafield tag="801" ind1=" " ind2="3">
    <subfield code="a">IT</subfield>
    <subfield code="b">ICCU</subfield>
    <subfield code="c">20201115</subfield>
  </datafield>
  <datafield tag="899" ind1=" " ind2=" ">
    <subfield code="a">Biblioteca statale del Monumento nazionale di Montecassino. Cassino</subfield>
    <subfield code="1">FR0084</subfield>
    <subfield code="2">RML 25</subfield>
  </datafield>
</record>
</collection>
